%YAML 1.1
%TAG !u! tag:unity3d.com,2011:
--- !u!95 &6529932267907980189
Animator:
  serializedVersion: 3
  m_ObjectHideFlags: 0
  m_CorrespondingSourceObject: {fileID: 0}
  m_PrefabInstance: {fileID: 0}
  m_PrefabAsset: {fileID: 0}
  m_GameObject: {fileID: 6223854963081684680}
  m_Enabled: 1
  m_Avatar: {fileID: 0}
  m_Controller: {fileID: 9100000, guid: 0e413d7dac96f5d43a081cd09f1c40ce, type: 2}
  m_CullingMode: 0
  m_UpdateMode: 0
  m_ApplyRootMotion: 0
  m_LinearVelocityBlending: 0
  m_WarningMessage: 
  m_HasTransformHierarchy: 1
  m_AllowConstantClipSamplingOptimization: 1
  m_KeepAnimatorControllerStateOnDisable: 0
--- !u!1 &6529932266105804434
GameObject:
  m_ObjectHideFlags: 0
  m_CorrespondingSourceObject: {fileID: 0}
  m_PrefabInstance: {fileID: 0}
  m_PrefabAsset: {fileID: 0}
  serializedVersion: 6
  m_Component:
  - component: {fileID: 6529932266105804437}
  - component: {fileID: 6529932266105804438}
  - component: {fileID: 6529932266105804439}
  - component: {fileID: 6529932266105804432}
  - component: {fileID: 6529932266105804433}
  m_Layer: 12
  m_Name: Mr Bomb Head
  m_TagString: Enemy
  m_Icon: {fileID: 0}
  m_NavMeshLayer: 0
  m_StaticEditorFlags: 0
  m_IsActive: 1
--- !u!4 &6529932266105804437
Transform:
  m_ObjectHideFlags: 0
  m_CorrespondingSourceObject: {fileID: 0}
  m_PrefabInstance: {fileID: 0}
  m_PrefabAsset: {fileID: 0}
  m_GameObject: {fileID: 6529932266105804434}
  m_LocalRotation: {x: 0, y: 0, z: 0, w: 1}
  m_LocalPosition: {x: 0, y: 0, z: 18.9}
  m_LocalScale: {x: 1, y: 1, z: 1}
  m_Children:
  - {fileID: 6707060174877195378}
  m_Father: {fileID: 0}
  m_RootOrder: 0
  m_LocalEulerAnglesHint: {x: 0, y: 0, z: 0}
--- !u!114 &6529932266105804438
MonoBehaviour:
  m_ObjectHideFlags: 0
  m_CorrespondingSourceObject: {fileID: 0}
  m_PrefabInstance: {fileID: 0}
  m_PrefabAsset: {fileID: 0}
  m_GameObject: {fileID: 6529932266105804434}
  m_Enabled: 1
  m_EditorHideFlags: 0
  m_Script: {fileID: 11500000, guid: 735c229e3a6ce474cbcc4e119c8123d6, type: 3}
  m_Name: 
  m_EditorClassIdentifier: 
  meshRends:
  - {fileID: 5575297378298529565}
  skinMeshRends: []
  isInvincible: 0
  maxHealth: 1
--- !u!114 &6529932266105804439
MonoBehaviour:
  m_ObjectHideFlags: 0
  m_CorrespondingSourceObject: {fileID: 0}
  m_PrefabInstance: {fileID: 0}
  m_PrefabAsset: {fileID: 0}
  m_GameObject: {fileID: 6529932266105804434}
  m_Enabled: 1
  m_EditorHideFlags: 0
  m_Script: {fileID: 11500000, guid: a36a5f3244cf6f244b4b6a78367396e1, type: 3}
  m_Name: 
  m_EditorClassIdentifier: 
  cc: {fileID: 6529932266105804432}
  maxSpeed: 1
  accelerationPerSecond: 6
  moveVec: {x: 0, y: 0}
  waterVeritcal: 1
  internalGravityScale: 1
  suspend: 0
--- !u!143 &6529932266105804432
CharacterController:
  m_ObjectHideFlags: 0
  m_CorrespondingSourceObject: {fileID: 0}
  m_PrefabInstance: {fileID: 0}
  m_PrefabAsset: {fileID: 0}
  m_GameObject: {fileID: 6529932266105804434}
  m_Material: {fileID: 0}
  m_IsTrigger: 0
  m_Enabled: 1
  serializedVersion: 2
  m_Height: 2
  m_Radius: 1
  m_SlopeLimit: 45
  m_StepOffset: 0.3
  m_SkinWidth: 0.08
  m_MinMoveDistance: 0.001
  m_Center: {x: 0, y: 0, z: 0}
--- !u!114 &6529932266105804433
MonoBehaviour:
  m_ObjectHideFlags: 0
  m_CorrespondingSourceObject: {fileID: 0}
  m_PrefabInstance: {fileID: 0}
  m_PrefabAsset: {fileID: 0}
  m_GameObject: {fileID: 6529932266105804434}
  m_Enabled: 1
  m_EditorHideFlags: 0
  m_Script: {fileID: 11500000, guid: da641fe842994074ab31b0c33578c33f, type: 3}
  m_Name: 
  m_EditorClassIdentifier: 
  touchDamage: 1
  points: 22
  damageSound: {fileID: 8300000, guid: f1899f014c494f047ac084edeed3871f, type: 3}
  explosionPrefab: {fileID: 8651609208507904353, guid: 2eca6bc166d5f8447b970eb07f78d3fa,
    type: 3}
--- !u!1001 &6529932267907980185
PrefabInstance:
  m_ObjectHideFlags: 0
  serializedVersion: 2
  m_Modification:
    m_TransformParent: {fileID: 6529932266105804437}
    m_Modifications:
    - target: {fileID: -8679921383154817045, guid: 34b3e34df5be8dd45b1a63aa5930ccf0,
        type: 3}
      propertyPath: m_RootOrder
      value: 0
      objectReference: {fileID: 0}
    - target: {fileID: -8679921383154817045, guid: 34b3e34df5be8dd45b1a63aa5930ccf0,
        type: 3}
      propertyPath: m_LocalPosition.x
      value: 0
      objectReference: {fileID: 0}
    - target: {fileID: -8679921383154817045, guid: 34b3e34df5be8dd45b1a63aa5930ccf0,
        type: 3}
      propertyPath: m_LocalPosition.y
      value: 0
      objectReference: {fileID: 0}
    - target: {fileID: -8679921383154817045, guid: 34b3e34df5be8dd45b1a63aa5930ccf0,
        type: 3}
      propertyPath: m_LocalPosition.z
      value: 0
      objectReference: {fileID: 0}
    - target: {fileID: -8679921383154817045, guid: 34b3e34df5be8dd45b1a63aa5930ccf0,
        type: 3}
      propertyPath: m_LocalRotation.w
      value: 0.7071067
      objectReference: {fileID: 0}
    - target: {fileID: -8679921383154817045, guid: 34b3e34df5be8dd45b1a63aa5930ccf0,
        type: 3}
      propertyPath: m_LocalRotation.x
      value: -0.7071068
      objectReference: {fileID: 0}
    - target: {fileID: -8679921383154817045, guid: 34b3e34df5be8dd45b1a63aa5930ccf0,
        type: 3}
      propertyPath: m_LocalRotation.y
      value: -0
      objectReference: {fileID: 0}
    - target: {fileID: -8679921383154817045, guid: 34b3e34df5be8dd45b1a63aa5930ccf0,
        type: 3}
      propertyPath: m_LocalRotation.z
      value: -0
      objectReference: {fileID: 0}
    - target: {fileID: -8679921383154817045, guid: 34b3e34df5be8dd45b1a63aa5930ccf0,
        type: 3}
      propertyPath: m_LocalEulerAnglesHint.x
      value: 0
      objectReference: {fileID: 0}
    - target: {fileID: -8679921383154817045, guid: 34b3e34df5be8dd45b1a63aa5930ccf0,
        type: 3}
      propertyPath: m_LocalEulerAnglesHint.y
      value: 0
      objectReference: {fileID: 0}
    - target: {fileID: -8679921383154817045, guid: 34b3e34df5be8dd45b1a63aa5930ccf0,
        type: 3}
      propertyPath: m_LocalEulerAnglesHint.z
      value: 0
      objectReference: {fileID: 0}
    - target: {fileID: 919132149155446097, guid: 34b3e34df5be8dd45b1a63aa5930ccf0,
        type: 3}
      propertyPath: m_Name
      value: Model
      objectReference: {fileID: 0}
    - target: {fileID: 919132149155446097, guid: 34b3e34df5be8dd45b1a63aa5930ccf0,
        type: 3}
      propertyPath: m_Layer
      value: 12
      objectReference: {fileID: 0}
    m_RemovedComponents: []
  m_SourcePrefab: {fileID: 100100000, guid: 34b3e34df5be8dd45b1a63aa5930ccf0, type: 3}
--- !u!1 &6223854963081684680 stripped
GameObject:
  m_CorrespondingSourceObject: {fileID: 919132149155446097, guid: 34b3e34df5be8dd45b1a63aa5930ccf0,
    type: 3}
  m_PrefabInstance: {fileID: 6529932267907980185}
  m_PrefabAsset: {fileID: 0}
--- !u!4 &6707060174877195378 stripped
Transform:
  m_CorrespondingSourceObject: {fileID: -8679921383154817045, guid: 34b3e34df5be8dd45b1a63aa5930ccf0,
    type: 3}
  m_PrefabInstance: {fileID: 6529932267907980185}
  m_PrefabAsset: {fileID: 0}
--- !u!23 &5575297378298529565 stripped
MeshRenderer:
  m_CorrespondingSourceObject: {fileID: -7511558181221131132, guid: 34b3e34df5be8dd45b1a63aa5930ccf0,
    type: 3}
  m_PrefabInstance: {fileID: 6529932267907980185}
  m_PrefabAsset: {fileID: 0}
