%YAML 1.1
%TAG !u! tag:unity3d.com,2011:
--- !u!1 &1094994410119751615
GameObject:
  m_ObjectHideFlags: 0
  m_CorrespondingSourceObject: {fileID: 0}
  m_PrefabInstance: {fileID: 0}
  m_PrefabAsset: {fileID: 0}
  serializedVersion: 6
  m_Component:
  - component: {fileID: 5381462065697171907}
  m_Layer: 0
  m_Name: Right Hand
  m_TagString: Untagged
  m_Icon: {fileID: 0}
  m_NavMeshLayer: 0
  m_StaticEditorFlags: 0
  m_IsActive: 1
--- !u!4 &5381462065697171907
Transform:
  m_ObjectHideFlags: 0
  m_CorrespondingSourceObject: {fileID: 0}
  m_PrefabInstance: {fileID: 0}
  m_PrefabAsset: {fileID: 0}
  m_GameObject: {fileID: 1094994410119751615}
  m_LocalRotation: {x: 0, y: 0, z: 0, w: 1}
  m_LocalPosition: {x: 0, y: 0, z: 0}
  m_LocalScale: {x: 1, y: 1, z: 1}
  m_Children: []
  m_Father: {fileID: 3401516640123211170}
  m_RootOrder: 3
  m_LocalEulerAnglesHint: {x: 0, y: 0, z: 0}
--- !u!1 &2185581028678048904
GameObject:
  m_ObjectHideFlags: 0
  m_CorrespondingSourceObject: {fileID: 0}
  m_PrefabInstance: {fileID: 0}
  m_PrefabAsset: {fileID: 0}
  serializedVersion: 6
  m_Component:
  - component: {fileID: 3401516640123211170}
  - component: {fileID: 216782642404434462}
  m_Layer: 0
  m_Name: CrossVR
  m_TagString: Untagged
  m_Icon: {fileID: 0}
  m_NavMeshLayer: 0
  m_StaticEditorFlags: 0
  m_IsActive: 1
--- !u!4 &3401516640123211170
Transform:
  m_ObjectHideFlags: 0
  m_CorrespondingSourceObject: {fileID: 0}
  m_PrefabInstance: {fileID: 0}
  m_PrefabAsset: {fileID: 0}
  m_GameObject: {fileID: 2185581028678048904}
  m_LocalRotation: {x: 0, y: 0, z: 0, w: 1}
  m_LocalPosition: {x: 0, y: 0, z: 0}
  m_LocalScale: {x: 1, y: 1, z: 1}
  m_Children:
  - {fileID: 7608326952810361365}
  - {fileID: 7107170013293076382}
  - {fileID: 2712335698719520693}
  - {fileID: 5381462065697171907}
  m_Father: {fileID: 0}
  m_RootOrder: 0
  m_LocalEulerAnglesHint: {x: 0, y: 0, z: 0}
--- !u!114 &216782642404434462
MonoBehaviour:
  m_ObjectHideFlags: 0
  m_CorrespondingSourceObject: {fileID: 0}
  m_PrefabInstance: {fileID: 0}
  m_PrefabAsset: {fileID: 0}
  m_GameObject: {fileID: 2185581028678048904}
  m_Enabled: 1
  m_EditorHideFlags: 0
  m_Script: {fileID: 11500000, guid: c23767efa51b44143b0e05c998af07d9, type: 3}
  m_Name: 
  m_EditorClassIdentifier: 
  steamVRRoot: {fileID: 7107170013292793446}
  steamVRHead: {fileID: 7107297008867690394}
  steamLeftHand: {fileID: 7107170013293041456}
  steamRightHand: {fileID: 7107170013292813590}
  onJoysticksUpdate:
    actionPath: /actions/default/in/Joystick
    needsReinit: 0
  onGripPressed:
    actionPath: /actions/default/in/GrabGrip
    needsReinit: 0
  onTriggerPressed:
    actionPath: /actions/default/in/GrabPinch
    needsReinit: 0
  onMenuPressed:
    actionPath: /actions/default/in/Menu
    needsReinit: 0
  handPose:
    actionPath: /actions/default/in/PoseLeft Hand
    needsReinit: 0
  headPose:
    actionPath: /actions/mixedreality/in/ExternalCamera
    needsReinit: 0
  vibrateSource:
    actionPath: /actions/default/out/Haptic
    needsReinit: 0
  questVRRoot: {fileID: 3239172720745334517}
  questVRHead: {fileID: 3239172720745334515}
  questLeftHand: {fileID: 3239172720745343661}
  questRightHand: {fileID: 3239172720745348153}
  crossLeftHand: {fileID: 2712335698719520693}
  crossRightHand: {fileID: 5381462065697171907}
  playerUI: {fileID: 0}
--- !u!54 &3598499844652424953
Rigidbody:
  m_ObjectHideFlags: 0
  m_CorrespondingSourceObject: {fileID: 0}
  m_PrefabInstance: {fileID: 0}
  m_PrefabAsset: {fileID: 0}
  m_GameObject: {fileID: 3239172720745334515}
  serializedVersion: 2
  m_Mass: 1
  m_Drag: 3.4028235e+38
  m_AngularDrag: 0.05
  m_UseGravity: 0
  m_IsKinematic: 0
  m_Interpolate: 1
  m_Constraints: 112
  m_CollisionDetection: 2
--- !u!135 &335639668832279896
SphereCollider:
  m_ObjectHideFlags: 0
  m_CorrespondingSourceObject: {fileID: 0}
  m_PrefabInstance: {fileID: 0}
  m_PrefabAsset: {fileID: 0}
  m_GameObject: {fileID: 3239172720745334515}
  m_Material: {fileID: 0}
  m_IsTrigger: 0
  m_Enabled: 1
  serializedVersion: 2
  m_Radius: 0.3
  m_Center: {x: 0, y: 0.15, z: 0}
--- !u!1 &4460876642307189029
GameObject:
  m_ObjectHideFlags: 0
  m_CorrespondingSourceObject: {fileID: 0}
  m_PrefabInstance: {fileID: 0}
  m_PrefabAsset: {fileID: 0}
  serializedVersion: 6
  m_Component:
  - component: {fileID: 7608326952810361365}
  m_Layer: 0
  m_Name: QuestVR Root
  m_TagString: Untagged
  m_Icon: {fileID: 0}
  m_NavMeshLayer: 0
  m_StaticEditorFlags: 0
  m_IsActive: 1
--- !u!4 &7608326952810361365
Transform:
  m_ObjectHideFlags: 0
  m_CorrespondingSourceObject: {fileID: 0}
  m_PrefabInstance: {fileID: 0}
  m_PrefabAsset: {fileID: 0}
  m_GameObject: {fileID: 4460876642307189029}
  m_LocalRotation: {x: 0, y: 0, z: 0, w: 1}
  m_LocalPosition: {x: 0, y: 0, z: 0}
  m_LocalScale: {x: 1, y: 1, z: 1}
  m_Children:
  - {fileID: 3239172720745700053}
  m_Father: {fileID: 3401516640123211170}
  m_RootOrder: 0
  m_LocalEulerAnglesHint: {x: 0, y: 0, z: 0}
--- !u!1 &6303386885556291419
GameObject:
  m_ObjectHideFlags: 0
  m_CorrespondingSourceObject: {fileID: 0}
  m_PrefabInstance: {fileID: 0}
  m_PrefabAsset: {fileID: 0}
  serializedVersion: 6
  m_Component:
  - component: {fileID: 2712335698719520693}
  m_Layer: 0
  m_Name: Left Hand
  m_TagString: Untagged
  m_Icon: {fileID: 0}
  m_NavMeshLayer: 0
  m_StaticEditorFlags: 0
  m_IsActive: 1
--- !u!4 &2712335698719520693
Transform:
  m_ObjectHideFlags: 0
  m_CorrespondingSourceObject: {fileID: 0}
  m_PrefabInstance: {fileID: 0}
  m_PrefabAsset: {fileID: 0}
  m_GameObject: {fileID: 6303386885556291419}
  m_LocalRotation: {x: 0, y: 0, z: 0, w: 1}
  m_LocalPosition: {x: 0, y: 0, z: 0}
  m_LocalScale: {x: 1, y: 1, z: 1}
  m_Children: []
  m_Father: {fileID: 3401516640123211170}
  m_RootOrder: 2
  m_LocalEulerAnglesHint: {x: 0, y: 0, z: 0}
--- !u!54 &8725881314913250798
Rigidbody:
  m_ObjectHideFlags: 0
  m_CorrespondingSourceObject: {fileID: 0}
  m_PrefabInstance: {fileID: 0}
  m_PrefabAsset: {fileID: 0}
  m_GameObject: {fileID: 7107297008867690394}
  serializedVersion: 2
  m_Mass: 1
  m_Drag: 3.4028235e+38
  m_AngularDrag: 0.05
  m_UseGravity: 0
  m_IsKinematic: 0
  m_Interpolate: 1
  m_Constraints: 112
  m_CollisionDetection: 2
--- !u!135 &8302849962827132688
SphereCollider:
  m_ObjectHideFlags: 0
  m_CorrespondingSourceObject: {fileID: 0}
  m_PrefabInstance: {fileID: 0}
  m_PrefabAsset: {fileID: 0}
  m_GameObject: {fileID: 7107297008867690394}
  m_Material: {fileID: 0}
  m_IsTrigger: 0
  m_Enabled: 1
  serializedVersion: 2
  m_Radius: 0.3
  m_Center: {x: 0, y: 0.15, z: 0}
--- !u!1001 &3239172720745300049
PrefabInstance:
  m_ObjectHideFlags: 0
  serializedVersion: 2
  m_Modification:
    m_TransformParent: {fileID: 7608326952810361365}
    m_Modifications:
    - target: {fileID: 100002, guid: 126d619cf4daa52469682f85c1378b4a, type: 3}
      propertyPath: m_Layer
      value: 11
      objectReference: {fileID: 0}
    - target: {fileID: 100004, guid: 126d619cf4daa52469682f85c1378b4a, type: 3}
      propertyPath: m_Name
      value: OVRCameraRig
      objectReference: {fileID: 0}
    - target: {fileID: 100004, guid: 126d619cf4daa52469682f85c1378b4a, type: 3}
      propertyPath: m_IsActive
      value: 0
      objectReference: {fileID: 0}
    - target: {fileID: 400004, guid: 126d619cf4daa52469682f85c1378b4a, type: 3}
      propertyPath: m_RootOrder
      value: 0
      objectReference: {fileID: 0}
    - target: {fileID: 400004, guid: 126d619cf4daa52469682f85c1378b4a, type: 3}
      propertyPath: m_LocalPosition.x
      value: 0
      objectReference: {fileID: 0}
    - target: {fileID: 400004, guid: 126d619cf4daa52469682f85c1378b4a, type: 3}
      propertyPath: m_LocalPosition.y
      value: 0
      objectReference: {fileID: 0}
    - target: {fileID: 400004, guid: 126d619cf4daa52469682f85c1378b4a, type: 3}
      propertyPath: m_LocalPosition.z
      value: 0
      objectReference: {fileID: 0}
    - target: {fileID: 400004, guid: 126d619cf4daa52469682f85c1378b4a, type: 3}
      propertyPath: m_LocalRotation.w
      value: 1
      objectReference: {fileID: 0}
    - target: {fileID: 400004, guid: 126d619cf4daa52469682f85c1378b4a, type: 3}
      propertyPath: m_LocalRotation.x
      value: -0
      objectReference: {fileID: 0}
    - target: {fileID: 400004, guid: 126d619cf4daa52469682f85c1378b4a, type: 3}
      propertyPath: m_LocalRotation.y
      value: -0
      objectReference: {fileID: 0}
    - target: {fileID: 400004, guid: 126d619cf4daa52469682f85c1378b4a, type: 3}
      propertyPath: m_LocalRotation.z
      value: -0
      objectReference: {fileID: 0}
    - target: {fileID: 400004, guid: 126d619cf4daa52469682f85c1378b4a, type: 3}
      propertyPath: m_LocalEulerAnglesHint.x
      value: 0
      objectReference: {fileID: 0}
    - target: {fileID: 400004, guid: 126d619cf4daa52469682f85c1378b4a, type: 3}
      propertyPath: m_LocalEulerAnglesHint.y
      value: 0
      objectReference: {fileID: 0}
    - target: {fileID: 400004, guid: 126d619cf4daa52469682f85c1378b4a, type: 3}
      propertyPath: m_LocalEulerAnglesHint.z
      value: 0
      objectReference: {fileID: 0}
    - target: {fileID: 11400000, guid: 126d619cf4daa52469682f85c1378b4a, type: 3}
      propertyPath: _trackingOriginType
      value: 2
      objectReference: {fileID: 0}
    - target: {fileID: 11400000, guid: 126d619cf4daa52469682f85c1378b4a, type: 3}
      propertyPath: useIPDInPositionTracking
      value: 0
      objectReference: {fileID: 0}
    - target: {fileID: 1054112583220142, guid: 126d619cf4daa52469682f85c1378b4a, type: 3}
      propertyPath: m_IsActive
      value: 0
      objectReference: {fileID: 0}
    - target: {fileID: 1983321904398200, guid: 126d619cf4daa52469682f85c1378b4a, type: 3}
      propertyPath: m_IsActive
      value: 0
      objectReference: {fileID: 0}
    m_RemovedComponents: []
  m_SourcePrefab: {fileID: 100100000, guid: 126d619cf4daa52469682f85c1378b4a, type: 3}
--- !u!1 &3239172720745334517 stripped
GameObject:
  m_CorrespondingSourceObject: {fileID: 100004, guid: 126d619cf4daa52469682f85c1378b4a,
    type: 3}
  m_PrefabInstance: {fileID: 3239172720745300049}
  m_PrefabAsset: {fileID: 0}
--- !u!4 &3239172720745700053 stripped
Transform:
  m_CorrespondingSourceObject: {fileID: 400004, guid: 126d619cf4daa52469682f85c1378b4a,
    type: 3}
  m_PrefabInstance: {fileID: 3239172720745300049}
  m_PrefabAsset: {fileID: 0}
--- !u!1 &3239172720745334515 stripped
GameObject:
  m_CorrespondingSourceObject: {fileID: 100002, guid: 126d619cf4daa52469682f85c1378b4a,
    type: 3}
  m_PrefabInstance: {fileID: 3239172720745300049}
  m_PrefabAsset: {fileID: 0}
--- !u!1 &3239172720745343661 stripped
GameObject:
  m_CorrespondingSourceObject: {fileID: 109308, guid: 126d619cf4daa52469682f85c1378b4a,
    type: 3}
  m_PrefabInstance: {fileID: 3239172720745300049}
  m_PrefabAsset: {fileID: 0}
--- !u!1 &3239172720745348153 stripped
GameObject:
  m_CorrespondingSourceObject: {fileID: 113768, guid: 126d619cf4daa52469682f85c1378b4a,
    type: 3}
  m_PrefabInstance: {fileID: 3239172720745300049}
  m_PrefabAsset: {fileID: 0}
--- !u!1001 &7107170013292934066
PrefabInstance:
  m_ObjectHideFlags: 0
  serializedVersion: 2
  m_Modification:
    m_TransformParent: {fileID: 3401516640123211170}
    m_Modifications:
    - target: {fileID: 146900, guid: 4d293c8e162f3874b982baadd71153d2, type: 3}
      propertyPath: m_Name
      value: '[CameraRig]'
      objectReference: {fileID: 0}
    - target: {fileID: 146900, guid: 4d293c8e162f3874b982baadd71153d2, type: 3}
      propertyPath: m_IsActive
      value: 0
      objectReference: {fileID: 0}
    - target: {fileID: 147176, guid: 4d293c8e162f3874b982baadd71153d2, type: 3}
      propertyPath: m_IsActive
      value: 0
      objectReference: {fileID: 0}
    - target: {fileID: 192944, guid: 4d293c8e162f3874b982baadd71153d2, type: 3}
      propertyPath: m_IsActive
      value: 0
      objectReference: {fileID: 0}
    - target: {fileID: 420908, guid: 4d293c8e162f3874b982baadd71153d2, type: 3}
      propertyPath: m_RootOrder
      value: 1
      objectReference: {fileID: 0}
    - target: {fileID: 420908, guid: 4d293c8e162f3874b982baadd71153d2, type: 3}
      propertyPath: m_LocalPosition.x
      value: 0
      objectReference: {fileID: 0}
    - target: {fileID: 420908, guid: 4d293c8e162f3874b982baadd71153d2, type: 3}
      propertyPath: m_LocalPosition.y
      value: 0
      objectReference: {fileID: 0}
    - target: {fileID: 420908, guid: 4d293c8e162f3874b982baadd71153d2, type: 3}
      propertyPath: m_LocalPosition.z
      value: 0
      objectReference: {fileID: 0}
    - target: {fileID: 420908, guid: 4d293c8e162f3874b982baadd71153d2, type: 3}
      propertyPath: m_LocalRotation.w
      value: 1
      objectReference: {fileID: 0}
    - target: {fileID: 420908, guid: 4d293c8e162f3874b982baadd71153d2, type: 3}
      propertyPath: m_LocalRotation.x
      value: 0
      objectReference: {fileID: 0}
    - target: {fileID: 420908, guid: 4d293c8e162f3874b982baadd71153d2, type: 3}
      propertyPath: m_LocalRotation.y
      value: 0
      objectReference: {fileID: 0}
    - target: {fileID: 420908, guid: 4d293c8e162f3874b982baadd71153d2, type: 3}
      propertyPath: m_LocalRotation.z
      value: 0
      objectReference: {fileID: 0}
    - target: {fileID: 420908, guid: 4d293c8e162f3874b982baadd71153d2, type: 3}
      propertyPath: m_LocalEulerAnglesHint.x
      value: 0
      objectReference: {fileID: 0}
    - target: {fileID: 420908, guid: 4d293c8e162f3874b982baadd71153d2, type: 3}
      propertyPath: m_LocalEulerAnglesHint.y
      value: 0
      objectReference: {fileID: 0}
    - target: {fileID: 420908, guid: 4d293c8e162f3874b982baadd71153d2, type: 3}
      propertyPath: m_LocalEulerAnglesHint.z
      value: 0
      objectReference: {fileID: 0}
    - target: {fileID: 2348914, guid: 4d293c8e162f3874b982baadd71153d2, type: 3}
      propertyPath: m_Materials.Array.data[0]
      value: 
      objectReference: {fileID: 0}
    - target: {fileID: 3380982, guid: 4d293c8e162f3874b982baadd71153d2, type: 3}
      propertyPath: m_Mesh
      value: 
      objectReference: {fileID: 0}
    - target: {fileID: 11489174, guid: 4d293c8e162f3874b982baadd71153d2, type: 3}
      propertyPath: drawInGame
      value: 1
      objectReference: {fileID: 0}
    - target: {fileID: 1000014254142504, guid: 4d293c8e162f3874b982baadd71153d2, type: 3}
      propertyPath: m_Layer
      value: 11
      objectReference: {fileID: 0}
    m_RemovedComponents: []
  m_SourcePrefab: {fileID: 100100000, guid: 4d293c8e162f3874b982baadd71153d2, type: 3}
--- !u!1 &7107170013292793446 stripped
GameObject:
  m_CorrespondingSourceObject: {fileID: 146900, guid: 4d293c8e162f3874b982baadd71153d2,
    type: 3}
  m_PrefabInstance: {fileID: 7107170013292934066}
  m_PrefabAsset: {fileID: 0}
--- !u!4 &7107170013293076382 stripped
Transform:
  m_CorrespondingSourceObject: {fileID: 420908, guid: 4d293c8e162f3874b982baadd71153d2,
    type: 3}
  m_PrefabInstance: {fileID: 7107170013292934066}
  m_PrefabAsset: {fileID: 0}
--- !u!1 &7107170013293041456 stripped
GameObject:
  m_CorrespondingSourceObject: {fileID: 124034, guid: 4d293c8e162f3874b982baadd71153d2,
    type: 3}
  m_PrefabInstance: {fileID: 7107170013292934066}
  m_PrefabAsset: {fileID: 0}
--- !u!1 &7107170013292813590 stripped
GameObject:
  m_CorrespondingSourceObject: {fileID: 159396, guid: 4d293c8e162f3874b982baadd71153d2,
    type: 3}
  m_PrefabInstance: {fileID: 7107170013292934066}
  m_PrefabAsset: {fileID: 0}
--- !u!1 &7107297008867690394 stripped
GameObject:
  m_CorrespondingSourceObject: {fileID: 1000014254142504, guid: 4d293c8e162f3874b982baadd71153d2,
    type: 3}
  m_PrefabInstance: {fileID: 7107170013292934066}
  m_PrefabAsset: {fileID: 0}
